@article{hecht1987counterpropagation,
  title={Counterpropagation networks},
  author={Hecht-Nielsen, Robert},
  journal={Applied optics},
  volume={26},
  number={23},
  pages={4979--4983},
  year={1987},
  publisher={Optical Society of America}
}
@article{hecht1988applications,
  title={Applications of counterpropagation networks},
  author={Hecht-Nielsen, Robert},
  journal={Neural networks},
  volume={1},
  number={2},
  pages={131--139},
  year={1988},
  publisher={Elsevier}
}
@article{rizzo1994characterization,
  title={Characterization of aquifer properties using artificial neural networks: neural kriging},
  author={Rizzo, Donna M and Dougherty, David E},
  journal={Water Resources Research},
  volume={30},
  number={2},
  pages={483--497},
  year={1994},
  publisher={Wiley Online Library}
}
@article{kohonen1990self,
  title={The self-organizing map},
  author={Kohonen, Teuvo},
  journal={Proceedings of the IEEE},
  volume={78},
  number={9},
  pages={1464--1480},
  year={1990},
  publisher={IEEE}
}
@article{specht1991a,
  title={A general regression neural network},
  author={Specht, Donald F},
  journal={Neural Networks, IEEE Transactions on},
  volume={2},
  number={6},
  pages={568--576},
  year={1991},
  publisher={IEEE}
}